@book{bhat,
    author    = {M. Bhattacharjee D. Macpherson
R. G. Moller P. M. Neumann},
    title     = {Notes on Infinite
Permutation Groups},
    publisher = {Springer},
    year      = {1997}
}
@book{dixon,
    author    = {J. D. Dixon B. Mortimer},
    title     = {Permutation Groups},
    publisher = {Springer},
    year      = {1996}
}
@book{hunger,
    author    = {T. H. Hungerford},
    title     = {Algebra},
    publisher = {Springer},
    year      = {1974}
}